@article{mnihdqn2015,
	Title = {Human-level control through deep reinforcement learning},
	Author = {Mnih, Volodymyr and Kavukcuoglu, Koray and Silver, David and Rusu, Andrei A. and Veness, Joel and Bellemare, Marc G. and Graves, Alex and Riedmiller, Martin and Fidjeland, Andreas K. and Ostrovski, Georg and Petersen, Stig and Beattie, Charles and Sadik, Amir and Antonoglou, Ioannis and King, Helen and Kumaran, Dharshan and Wierstra, Daan and Legg, Shane and Hassabis, Demis},
	Journal = {Nature},
	Pages = {529--533},
	Year = {2015},
	Publisher = {Nature Publishing Group, a division of Macmillan Publishers Limited. All Rights Reserved.}	
}
@book{sutton1998introduction,
  title={Introduction to reinforcement learning},
  author={Sutton, Richard S and Barto, Andrew G},
  volume={135},
  year={1998},
  publisher={MIT Press Cambridge}
}
@inproceedings{gordon1995stable,
  title={Stable function approximation in dynamic programming},
  author={Gordon, Geoffrey J},
  booktitle={Proceedings of the twelfth international conference on machine learning},
  pages={261--268},
  year={1995}
}
@unpublished{Goodfellow-et-al-2016-Book,
    title={Deep Learning},
    author={Ian Goodfellow Yoshua Bengio and Aaron Courville},
    note={Book in preparation for MIT Press},
    url={http://www.deeplearningbook.org},
    year={2016}
}